@article{prive2020performing,
	title={Performing highly efficient genome scans for local adaptation with {R} package pcadapt version 4},
	author={Priv{\'e}, Florian and Luu, Keurcien and Vilhj{\'a}lmsson, Bjarni J and Blum, Michael G B},
	journal={Molecular Biology and Evolution},
	year={2020}
}

@article{zou2010quantification,
	title={Quantification of population structure using correlated SNPs by shrinkage principal components},
	author={Zou, Fei and Lee, Seunggeun and Knowles, Michael R and Wright, Fred A},
	journal={Human heredity},
	volume={70},
	number={1},
	pages={9--22},
	year={2010},
	publisher={Karger Publishers}
}

@article{loh2015efficient,
	title={Efficient Bayesian mixed-model analysis increases association power in large cohorts},
	author={Loh, Po-Ru and Tucker, George and Bulik-Sullivan, Brendan K and Vilhjalmsson, Bjarni J and Finucane, Hilary K and Salem, Rany M and Chasman, Daniel I and Ridker, Paul M and Neale, Benjamin M and Berger, Bonnie and others},
	journal={Nature genetics},
	volume={47},
	number={3},
	pages={284},
	year={2015},
	publisher={Nature Publishing Group}
}

@article{price2010new,
	title={New approaches to population stratification in genome-wide association studies},
	author={Price, Alkes L and Zaitlen, Noah A and Reich, David and Patterson, Nick},
	journal={Nature Reviews Genetics},
	volume={11},
	number={7},
	pages={459},
	year={2010},
	publisher={Nature Publishing Group}
}

@article{loh2015contrasting,
	title={Contrasting genetic architectures of schizophrenia and other complex diseases using fast variance-components analysis},
	author={Loh, Po-Ru and Bhatia, Gaurav and Gusev, Alexander and Finucane, Hilary K and Bulik-Sullivan, Brendan K and Pollack, Samuela J and de Candia, Teresa R and Lee, Sang Hong and Wray, Naomi R and Kendler, Kenneth S and others},
	journal={Nature genetics},
	volume={47},
	number={12},
	pages={1385},
	year={2015},
	publisher={Nature Publishing Group}
}

@article{yang2010common,
	title={Common SNPs explain a large proportion of the heritability for human height},
	author={Yang, Jian and Benyamin, Beben and McEvoy, Brian P and Gordon, Scott and Henders, Anjali K and Nyholt, Dale R and Madden, Pamela A and Heath, Andrew C and Martin, Nicholas G and Montgomery, Grant W and others},
	journal={Nature genetics},
	volume={42},
	number={7},
	pages={565},
	year={2010},
	publisher={Nature Publishing Group}
}

@article{mcvean2009genealogical,
  title={A genealogical interpretation of principal components analysis},
  author={McVean, Gil},
  journal={PLoS genetics},
  volume={5},
  number={10},
  pages={e1000686},
  year={2009},
  publisher={Public Library of Science}
}

@article{novembre2008interpreting,
  title={Interpreting principal component analyses of spatial population genetic variation},
  author={Novembre, John and Stephens, Matthew},
  journal={Nature genetics},
  volume={40},
  number={5},
  pages={646},
  year={2008},
  publisher={Nature Publishing Group}
}

@article{pickrell2010understanding,
  title={Understanding mechanisms underlying human gene expression variation with RNA sequencing},
  author={Pickrell, Joseph K and Marioni, John C and Pai, Athma A and Degner, Jacob F and Engelhardt, Barbara E and Nkadori, Everlyne and Veyrieras, Jean-Baptiste and Stephens, Matthew and Gilad, Yoav and Pritchard, Jonathan K},
  journal={Nature},
  volume={464},
  number={7289},
  pages={768},
  year={2010},
  publisher={Nature Publishing Group}
}

@article{Lehoucq1996,
abstract = {A deflation procedure is introduced that is designed to improve the convergence of an implicitly restarted Arnoldi iteration for computing a few eigenvalues of a large matrix. As the iteration progresses, the Ritz value approximations of the eigenvalues converge at different rates. A numerically stable scheme is introduced that implicitly deflates the converged approximations from the iteration. We present two forms of implicit deflation. The first, a locking operation, decouples converged Ritz values and associated vectors from the active part of the iteration. The second, a purging operation, removes unwanted but converged Ritz pairs. Convergence of the iteration is improved and a reduction in computational effort is also achieved. The deflation strategies make it possible to compute multiple or clustered eigenvalues with a single vector restart method. A block method is not required. These schemes are analyzed with respect to numerical stability, and computational results are presented.},
author = {Lehoucq, Rich Bruno and Sorensen, D. C.},
doi = {10.1137/S0895479895281484},
file = {:home/privef/Bureau/thesis/articles/Lehoucq, Sorensen - 1996 - Deflation Techniques for an Implicitly Restarted Arnoldi Iteration.pdf:pdf},
issn = {0895-4798},
journal = {SIAM Journal on Matrix Analysis and Applications},
keywords = {1,65f15,65g05,ams subject classi cations,an e cient procedure,arnoldi method,de ation,eigenvalues,for approximat-,implicit restarting,ing a subset of,introduction,lanczos method,large sparse n n,matrix a,the arnoldi method,the arnoldi method is,the eigensystem of a},
month = {oct},
number = {4},
pages = {789--821},
publisher = {Society for Industrial and Applied Mathematics},
title = {{Deflation Techniques for an Implicitly Restarted Arnoldi Iteration}},
url = {http://epubs.siam.org/doi/10.1137/S0895479895281484},
volume = {17},
year = {1996}
}

@article{brys2004robust,
  title={A robust measure of skewness},
  author={Brys, Guy and Hubert, Mia and Struyf, Anja},
  journal={Journal of Computational and Graphical Statistics},
  volume={13},
  number={4},
  pages={996--1017},
  year={2004},
  publisher={Taylor \& Francis}
}

@article{agrawal2019scalable,
  title={Scalable probabilistic PCA for large-scale genetic variation data},
  author={Agrawal, Aman and Chiu, Alec M and Le, Minh and Halperin, Eran and Sankararaman, Sriram},
  journal={bioRxiv},
  pages={729202},
  year={2019},
  publisher={Cold Spring Harbor Laboratory}
}

@article{wu2017primme,
  title={Primme\_svds: A high-performance preconditioned svd solver for accurate large-scale computations},
  author={Wu, Lingfei and Romero, Eloy and Stathopoulos, Andreas},
  journal={{SIAM} Journal on Scientific Computing},
  volume={39},
  number={5},
  pages={S248--S271},
  year={2017},
  publisher={SIAM}
}

@inproceedings{brand2003fast,
  title={Fast online svd revisions for lightweight recommender systems},
  author={Brand, Matthew},
  booktitle={Proceedings of the 2003 {SIAM} international conference on data mining},
  pages={37--46},
  year={2003},
  organization={SIAM}
}

@article{decamps2019guidelines,
	title={Guidelines for cell-type heterogeneity quantification based on a comparative analysis of reference-free DNA methylation deconvolution software},
	author={Decamps, Cl{\'e}mentine and Priv{\'e}, Florian and Bacher, Raphael and Jost, Daniel and Waguet, Arthur and Houseman, Eugene Andres and Lurie, Eugene and Lutsik, Pavlo and Milosavljevic, Aleksandar and Scherer, Michael and others},
	journal={BMC bioinformatics},
	volume={21},
	number={1},
	pages={16},
	year={2020},
	publisher={Springer}
}

@article{patterson2006population,
  title={Population structure and eigenanalysis},
  author={Patterson, Nick and Price, Alkes L and Reich, David},
  journal={PLoS genetics},
  volume={2},
  number={12},
  pages={e190},
  year={2006},
  publisher={Public Library of Science}
}

@article{dey2019asymptotic,
  title={Asymptotic properties of Principal Component Analysis and shrinkage-bias adjustment under the Generalized Spiked Population model},
  author={Dey, Rounak and Lee, Seunggeun},
  journal={Journal of Multivariate Analysis},
  volume={173},
  pages={145--164},
  year={2019},
  publisher={Elsevier}
}

@article{bellenguez2011robust,
  title={A robust clustering algorithm for identifying problematic samples in genome-wide association studies},
  author={Bellenguez, C{\'e}line and Strange, Amy and Freeman, Colin and {Wellcome Trust Case Control Consortium} and Donnelly, Peter and Spencer, Chris CA},
  journal={Bioinformatics},
  volume={28},
  number={1},
  pages={134--135},
  year={2011},
  publisher={Oxford University Press}
}

@inproceedings{kriegel2009loop,
  title={{LoOP}: local outlier probabilities},
  author={Kriegel, Hans-Peter and Kr{\"o}ger, Peer and Schubert, Erich and Zimek, Arthur},
  booktitle={Proceedings of the 18th {ACM} conference on Information and knowledge management},
  pages={1649--1652},
  year={2009},
  organization={ACM}
}

@article{dubois2010multiple,
  title={Multiple common variants for celiac disease influencing immune gene expression},
  author={Dubois, Patrick CA and Trynka, Gosia and Franke, Lude and Hunt, Karen A and Romanos, Jihane and Curtotti, Alessandra and Zhernakova, Alexandra and Heap, Graham AR and {\'A}d{\'a}ny, R{\'o}za and Aromaa, Arpo and others},
  journal={Nature genetics},
  volume={42},
  number={4},
  pages={295},
  year={2010},
  publisher={Nature Publishing Group}
}

@article{nelson2008population,
  title={The Population Reference Sample, {POPRES}: a resource for population, disease, and pharmacological genetics research},
  author={Nelson, Matthew R and Bryc, Katarzyna and King, Karen S and Indap, Amit and Boyko, Adam R and Novembre, John and Briley, Linda P and Maruyama, Yuka and Waterworth, Dawn M and Waeber, G{\'e}rard and others},
  journal={The American Journal of Human Genetics},
  volume={83},
  number={3},
  pages={347--358},
  year={2008},
  publisher={Elsevier}
}

@article{todorov2009object,
  title={An object-oriented framework for robust multivariate analysis},
  author={Todorov, Valentin and Filzmoser, Peter and others},
  year={2009},
  publisher={Citeseer}
}

@article{gnanadesikan1972robust,
  title={Robust estimates, residuals, and outlier detection with multiresponse data},
  author={Gnanadesikan, Ramanathan and Kettenring, John R},
  journal={Biometrics},
  pages={81--124},
  year={1972},
  publisher={JSTOR}
}

@article{yohai1988high,
  title={High breakdown-point estimates of regression by means of the minimization of an efficient scale},
  author={Yohai, Victor J and Zamar, Ruben H},
  journal={Journal of the American statistical association},
  volume={83},
  number={402},
  pages={406--413},
  year={1988},
  publisher={Taylor \& Francis}
}

@article{maronna2002robust,
  title={Robust estimates of location and dispersion for high-dimensional datasets},
  author={Maronna, Ricardo A and Zamar, Ruben H},
  journal={Technometrics},
  volume={44},
  number={4},
  pages={307--317},
  year={2002},
  publisher={Taylor \& Francis}
}

@article{wang2015improved,
  title={Improved ancestry estimation for both genotyping and sequencing data using projection procrustes analysis and genotype imputation},
  author={Wang, Chaolong and Zhan, Xiaowei and Liang, Liming and Abecasis, Gon{\c{c}}alo R and Lin, Xihong},
  journal={The American Journal of Human Genetics},
  volume={96},
  number={6},
  pages={926--937},
  year={2015},
  publisher={Elsevier}
}

@article{lee2010convergence,
  title={Convergence and prediction of principal component scores in high-dimensional settings},
  author={Lee, Seunggeun and Zou, Fei and Wright, Fred A},
  journal={Annals of statistics},
  volume={38},
  number={6},
  pages={3605},
  year={2010},
  publisher={NIH Public Access}
}

@article{zhang2019fast,
	author = {Zhang, Daiwei and Dey, Rounak and Lee, Seunggeun},
	title = "{Fast and robust ancestry prediction using principal component analysis}",
	journal = {Bioinformatics},
	year = {2020},
	month = {03},
	abstract = "{Population stratification (PS) is a major confounder in genome-wide association studies (GWAS) and can lead to false-positive associations. To adjust for PS, principal component analysis (PCA)-based ancestry prediction has been widely used. Simple projection (SP) based on principal component loadings and the recently developed data augmentation, decomposition and Procrustes (ADP) transformation, such as LASER and TRACE, are popular methods for predicting PC scores. However, the predicted PC scores from SP can be biased toward NULL. On the other hand, ADP has a high computation cost because it requires running PCA separately for each study sample on the augmented dataset.We develop and propose two alternative approaches: bias-adjusted projection (AP) and online ADP (OADP). Using random matrix theory, AP asymptotically estimates and adjusts for the bias of SP. OADP uses a computationally efficient online singular value decomposition algorithm, which can greatly reduce the computation cost of ADP. We carried out extensive simulation studies to show that these alternative approaches are unbiased and the computation speed can be 16–16 000 times faster than ADP. We applied our approaches to the UK Biobank data of 488 366 study samples with 2492 samples from the 1000 Genomes data as the reference. AP and OADP required 0.82 and 21 CPU hours, respectively, while the projected computation time of ADP was 1628 CPU hours. Furthermore, when inferring sub-European ancestry, SP clearly showed bias, unlike the proposed approaches.The OADP and AP methods, as well as SP and ADP, have been implemented in the open-source Python software FRAPOSA, available at github.com/daviddaiweizhang/fraposa.Supplementary data are available at Bioinformatics online.}",
	issn = {1367-4803},
	doi = {10.1093/bioinformatics/btaa152},
	url = {https://doi.org/10.1093/bioinformatics/btaa152},
	note = {btaa152},
	eprint = {https://academic.oup.com/bioinformatics/advance-article-pdf/doi/10.1093/bioinformatics/btaa152/33151260/btaa152.pdf},
}

@article{abdellaoui2013population,
  title={Population structure, migration, and diversifying selection in the Netherlands},
  author={Abdellaoui, Abdel and Hottenga, Jouke-Jan and De Knijff, Peter and Nivard, Michel G and Xiao, Xiangjun and Scheet, Paul and Brooks, Andrew and Ehli, Erik A and Hu, Yueshan and Davies, Gareth E and others},
  journal={European journal of human genetics},
  volume={21},
  number={11},
  pages={1277},
  year={2013},
  publisher={Nature Publishing Group}
}

@article{price2008long,
  title={Long-range {LD} can confound genome scans in admixed populations},
  author={Price, Alkes L and Weale, Michael E and Patterson, Nick and Myers, Simon R and Need, Anna C and Shianna, Kevin V and Ge, Dongliang and Rotter, Jerome I and Torres, Esther and Taylor, Kent D and others},
  journal={The American Journal of Human Genetics},
  volume={83},
  number={1},
  pages={132--135},
  year={2008},
  publisher={Elsevier}
}

@article{price2006principal,
  title={Principal components analysis corrects for stratification in genome-wide association studies},
  author={Price, Alkes L and Patterson, Nick J and Plenge, Robert M and Weinblatt, Michael E and Shadick, Nancy A and Reich, David},
  journal={Nature genetics},
  volume={38},
  number={8},
  pages={904},
  year={2006},
  publisher={Nature Publishing Group}
}

@article{galinsky2016fast,
  title={Fast principal-component analysis reveals convergent evolution of {ADH1B} in Europe and East Asia},
  author={Galinsky, Kevin J and Bhatia, Gaurav and Loh, Po-Ru and Georgiev, Stoyan and Mukherjee, Sayan and Patterson, Nick J and Price, Alkes L},
  journal={The American Journal of Human Genetics},
  volume={98},
  number={3},
  pages={456--472},
  year={2016},
  publisher={Elsevier}
}

@article{abraham2017flashpca2,
  title={{FlashPCA2}: principal component analysis of Biobank-scale genotype datasets},
  author={Abraham, Gad and Qiu, Yixuan and Inouye, Michael},
  journal={Bioinformatics},
  year={2017}
}

@article{bose2019terapca,
  title={{TeraPCA}: a fast and scalable software package to study genetic variation in tera-scale genotypes},
  author={Bose, Aritra and Kalantzis, Vassilis and Kontopoulou, Eugenia-Maria and Elkady, Mai and Paschou, Peristera and Drineas, Petros},
  journal={Bioinformatics},
  year={2019}
}

@book{tukey77,
  added-at = {2009-10-28T04:42:52.000+0100},
  author = {Tukey, John W.},
  biburl = {https://www.bibsonomy.org/bibtex/2e0c6e346a4594eb8f0bc71a6e65366fb/jwbowers},
  citeulike-article-id = {107137},
  date-added = {2007-09-03 22:45:16 -0500},
  date-modified = {2007-09-03 22:45:16 -0500},
  interhash = {69fff218408c5eda560e267ff0099dec},
  intrahash = {e0c6e346a4594eb8f0bc71a6e65366fb},
  keywords = {eda statistics},
  publisher = {Addison-Wesley},
  timestamp = {2009-10-28T04:43:20.000+0100},
  title = {Exploratory Data Analysis},
  year = 1977
}

@article{hubert2008adjusted,
  title={An adjusted boxplot for skewed distributions},
  author={Hubert, Mia and Vandervieren, Ellen},
  journal={Computational statistics \& data analysis},
  volume={52},
  number={12},
  pages={5186--5201},
  year={2008},
  publisher={Elsevier}
}

@article{elseberg2012comparison,
  title={Comparison of nearest-neighbor-search strategies and implementations for efficient shape registration},
  author={Elseberg, Jan and Magnenat, St{\'e}phane and Siegwart, Roland and N{\"u}chter, Andreas},
  journal={Journal of Software Engineering for Robotics},
  volume={3},
  number={1},
  pages={2--12},
  year={2012}
}

@inproceedings{breunig2000lof,
  title={{LOF}: identifying density-based local outliers},
  author={Breunig, Markus M and Kriegel, Hans-Peter and Ng, Raymond T and Sander, J{\"o}rg},
  booktitle={ACM sigmod record},
  volume={29},
  number={2},
  pages={93--104},
  year={2000},
  organization={ACM}
}

@article{luu2017pcadapt,
  title={pcadapt: an {R} package to perform genome scans for selection based on principal component analysis},
  author={Luu, Keurcien and Bazin, Eric and Blum, Michael G B},
  journal={Molecular ecology resources},
  volume={17},
  number={1},
  pages={67--77},
  year={2017},
  publisher={Wiley Online Library}
}

@article{meyer2019genotype,
  title={Processing 1000 Genomes reference data for ancestry estimation},
  author={Meyer, Hannah},
  url = {http://cran.fhcrc.org/web/packages/plinkQC/vignettes/Genomes1000.pdf},
  year={2019}
}

@article{international2010integrating,
  title={Integrating common and rare genetic variation in diverse human populations},
  author={{International HapMap 3 Consortium} and others},
  journal={Nature},
  volume={467},
  number={7311},
  pages={52},
  year={2010},
  publisher={Nature Publishing Group}
}

@article{manichaikul2010robust,
  title={Robust relationship inference in genome-wide association studies},
  author={Manichaikul, Ani and Mychaleckyj, Josyf C and Rich, Stephen S and Daly, Kathy and Sale, Michele and Chen, Wei-Min},
  journal={Bioinformatics},
  volume={26},
  number={22},
  pages={2867--2873},
  year={2010},
  publisher={Oxford University Press}
}

@article{10002015global,
  title={A global reference for human genetic variation},
  author={{1000 Genomes Project Consortium} and others},
  journal={Nature},
  volume={526},
  number={7571},
  pages={68},
  year={2015},
  publisher={Nature Publishing Group}
}

@article{prive2019efficient,
	author = {Priv{\'e}, Florian and Aschard, Hugues and Blum, Michael G B},
	title = {Efficient Implementation of Penalized Regression for Genetic Risk Prediction},
	volume = {212},
	number = {1},
	pages = {65--74},
	year = {2019},
	doi = {10.1534/genetics.119.302019},
	publisher = {Genetics},
	issn = {0016-6731},
	URL = {https://www.genetics.org/content/212/1/65},
	eprint = {https://www.genetics.org/content/212/1/65.full.pdf},
	journal = {Genetics}
}

@article{prive2017efficient,
author = {Priv{\'e}, Florian and Aschard, Hugues and Ziyatdinov, Andrey and Blum, Michael G B},
title = {Efficient analysis of large-scale genome-wide data with two {R} packages: bigstatsr and bigsnpr},
journal = {Bioinformatics},
volume = {34},
number = {16},
pages = {2781-2787},
year = {2018},
doi = {10.1093/bioinformatics/bty185},
URL = {http://dx.doi.org/10.1093/bioinformatics/bty185},
eprint = {/oup/backfile/content_public/journal/bioinformatics/34/16/10.1093_bioinformatics_bty185/1/bty185.pdf}
}

@article{chang2015second,
  title={Second-generation {PLINK}: rising to the challenge of larger and richer datasets},
  author={Chang, Christopher C and Chow, Carson C and Tellier, Laurent CAM and Vattikuti, Shashaank and Purcell, Shaun M and Lee, James J},
  journal={Gigascience},
  volume={4},
  number={1},
  pages={7},
  year={2015},
  publisher={BioMed Central}
}

@article{bycroft2017genome,
  title={The {UK} Biobank resource with deep phenotyping and genomic data},
  author={Bycroft, Clare and Freeman, Colin and Petkova, Desislava and Band, Gavin and Elliott, Lloyd T and Sharp, Kevin and Motyer, Allan and Vukcevic, Damjan and Delaneau, Olivier and O'Connell, Jared and others},
  journal={Nature},
  volume={562},
  number={7726},
  pages={203},
  year={2018},
  publisher={Nature Publishing Group}
}

